@MISC{WEBSITE:1,
	HOWPUBLISHED = "\url{https://blogs.nvidia.com/blog/2017/10/10/holodeck-design-lab-of-the-future/}",
	AUTHOR = "NVIDIA",
	TITLE = "Join Us as We Build NVIDIA Holodeck | NVIDIA Blog",
	MONTH = "Nov",
	YEAR = "2017 
}

@MISC{WEBSITE:2,
	HOWPUBLISHED = "\url{https://www.nvidia.com/en-us/design-visualization/technologies/holodeck/}",
	AUTHOR = "NVIDIA",
	TITLE = "NVIDIA Design Visualization | NVIDIA",
	MONTH = "May",
	YEAR = "2017 
}